<record><leader>00000cas a22000007a 4500</leader><controlfield tag="001">43461158</controlfield><controlfield tag="008">000215d1928194utnuwr ne      0    0eng d</controlfield><datafield ind1=" " ind2=" " tag="010"><subfield code="a">sn 00063884 </subfield></datafield><datafield ind1=" " ind2=" " tag="040"><subfield code="a">TGN</subfield><subfield code="b">eng</subfield><subfield code="c">TGN</subfield><subfield code="d">OCLCF</subfield><subfield code="d">OCLCO</subfield></datafield><datafield ind1="1" ind2=" " tag="029"><subfield code="a">AU@</subfield><subfield code="b">000021382156</subfield></datafield><datafield ind1=" " ind2=" " tag="042"><subfield code="a">msc</subfield></datafield><datafield ind1="0" ind2=" " tag="130"><subfield code="a">Weekly state gazette (Dyersburg, Tenn.)</subfield></datafield><datafield ind1="0" ind2="0" tag="245"><subfield code="a">Weekly state gazette.</subfield></datafield><datafield ind1="3" ind2="0" tag="246"><subfield code="a">State gazette</subfield></datafield><datafield ind1=" " ind2=" " tag="260"><subfield code="a">Dyersburg, Tenn. :</subfield><subfield code="b">Harvey A. Nelson,</subfield><subfield code="c">1928-</subfield></datafield><datafield ind1=" " ind2=" " tag="300"><subfield code="a">v.</subfield></datafield><datafield ind1=" " ind2=" " tag="310"><subfield code="a">Weekly</subfield></datafield><datafield ind1="0" ind2=" " tag="362"><subfield code="a">63rd year, no. 87 (Nov. 2, 1928)-</subfield></datafield><datafield ind1=" " ind2="0" tag="651"><subfield code="a">Dyersburg (Tenn.)</subfield><subfield code="v">Newspapers.</subfield></datafield><datafield ind1=" " ind2="0" tag="651"><subfield code="a">Dyer County (Tenn.)</subfield><subfield code="v">Newspapers.</subfield></datafield><datafield ind1=" " ind2="7" tag="655"><subfield code="a">Newspapers.</subfield><subfield code="2">fast</subfield><subfield code="0">(OCoLC)fst01423814</subfield></datafield><datafield ind1=" " ind2="7" tag="651"><subfield code="a">Tennessee</subfield><subfield code="z">Dyer County.</subfield><subfield code="2">fast</subfield><subfield code="0">(OCoLC)fst01206794</subfield></datafield><datafield ind1=" " ind2="7" tag="651"><subfield code="a">Tennessee</subfield><subfield code="z">Dyersburg.</subfield><subfield code="2">fast</subfield><subfield code="0">(OCoLC)fst01224709</subfield></datafield><datafield ind1=" " ind2=" " tag="752"><subfield code="a">United States</subfield><subfield code="b">Tennessee</subfield><subfield code="c">Dyer</subfield><subfield code="d">Dyersburg.</subfield></datafield><datafield ind1="0" ind2=" " tag="775"><subfield code="t">Daily state gazette (Dyersburg, Tenn.)</subfield><subfield code="w">(DLC)sn 00063885</subfield></datafield><datafield ind1="0" ind2="0" tag="780"><subfield code="t">State gazette (Dyersburg, Tenn. : 1915)</subfield><subfield code="w">(DLC)sn 00063883</subfield></datafield></record>